<?xml version="1.0" encoding="UTF-8"?><collection xmlns="http://www.loc.gov/MARC21/slim"><record><leader>00657nam--2200205-i-4500</leader><controlfield tag="001">000015354</controlfield><controlfield tag="002">20161230</controlfield><controlfield tag="005">20161230201031</controlfield><controlfield tag="008">060222s1000------------r-----000-0-eng-d</controlfield><datafield ind1=" " ind2=" " tag="020"><subfield code="a">0080293514</subfield></datafield><datafield ind1=" " ind2=" " tag="040"><subfield code="a">IFIN-HH</subfield></datafield><datafield ind1=" " ind2=" " tag="080"><subfield code="a">539.124.5:539.172.4</subfield></datafield><datafield ind1="1" ind2=" " tag="100"><subfield code="a">Michaudon, A</subfield></datafield><datafield ind1="1" ind2="0" tag="245"><subfield code="a">Neutron sources for basic physics and applications</subfield><subfield code="b">An oecd/nea report</subfield><subfield code="c">A. michaudon, s. cierjacks, r.e. chrien (eds.)</subfield></datafield><datafield ind1=" " ind2=" " tag="260"><subfield code="a">Oxford</subfield><subfield code="b">Pergamon Press</subfield><subfield code="c">1983</subfield></datafield><datafield ind1=" " ind2=" " tag="300"><subfield code="a">XX + 348 P</subfield></datafield><datafield ind1=" " ind2=" " tag="490"><subfield code="a">Neutron Physics And Nuclear Data In Science And Technology</subfield><subfield code="v">Volume 2</subfield></datafield><datafield ind1="1" ind2=" " tag="700"><subfield code="a">Chrien, R.E</subfield><subfield code="e">Ed</subfield></datafield><datafield ind1=" " ind2=" " tag="852"><subfield code="a">70776</subfield><subfield code="c">539.17</subfield></datafield><datafield ind1=" " ind2=" " tag="CAT"><subfield code="a">Sys</subfield><subfield code="c">20120621</subfield><subfield code="h">131424</subfield></datafield></record></collection>